<?xml version="1.0" encoding="UTF-8"?><record xmlns="http://www.loc.gov/MARC21/slim" xmlns:cinclude="http://apache.org/cocoon/include/1.0" xmlns:zs="http://www.loc.gov/zing/srw/">
  <leader>00539nz  a2200157n  4500</leader>
  <controlfield tag="001">no2010150751</controlfield>
  <controlfield tag="003">DLC</controlfield>
  <controlfield tag="005">20100918075426.0</controlfield>
  <controlfield tag="008">100916n| acannaabn          |a aaa     c</controlfield>
  <datafield tag="010" ind1=" " ind2=" ">
    <subfield code="a">no2010150751</subfield>
  </datafield>
  <datafield tag="035" ind1=" " ind2=" ">
    <subfield code="a">(OCoLC)oca08625951</subfield>
  </datafield>
  <datafield tag="040" ind1=" " ind2=" ">
    <subfield code="a">MU</subfield>
    <subfield code="b">eng</subfield>
    <subfield code="c">MU</subfield>
  </datafield>
  <datafield tag="100" ind1="1" ind2=" ">
    <subfield code="a">Medinaceli Díaz-Méndez, G.G.,</subfield>
    <subfield code="d">1956-</subfield>
  </datafield>
  <datafield tag="400" ind1="1" ind2=" ">
    <subfield code="a">Díaz-Méndez, G.G. Medinaceli,</subfield>
    <subfield code="d">1956-</subfield>
  </datafield>
  <datafield tag="400" ind1="1" ind2=" ">
    <subfield code="a">Méndez, G.G. Medinaceli Díaz-,</subfield>
    <subfield code="d">1956-</subfield>
  </datafield>
  <datafield tag="670" ind1=" " ind2=" ">
    <subfield code="a">Para romper el hielo, 2009:</subfield>
    <subfield code="b">t.p. (G.G. Medinaceli Díaz-Méndez) back cover flap (b. Tarija, October 1956)</subfield>
  </datafield>
</record>